@article{Kanehisa2000kegg,
  title={{KEGG: kyoto encyclopedia of genes and genomes}},
  author={Kanehisa, Minoru and Goto, Susumu},
  journal={Nucleic Acids Research},
  volume={28},
  number={1},
  pages={27--30},
  year={2000},
  publisher={Oxford University Press}
}


@phdthesis{Rei12,
    title = {Minimization of decomposable in U-shaped curves functions
             defined on poset chains -- algorithms and applications},
    school = {University of Sao Paulo},
    author = {{Reis}, M.~S.},
    year = {2012},
}

@misc{Lic13,
    author = "M. Lichman",
    year = "2013",
    title = "{UCI} Machine Learning Repository",
    url = "http://archive.ics.uci.edu/ml",
    institution = "University of California, Irvine, School of Information and Computer Sciences" 
}


@mastersthesis{Wu15,
    title = {Um método para modificar vias de sinalização molecular por meio de análise de banco de dados de interatomas},
    school = {University of Sao Paulo},
    author = {{Wu}, Lulu},
    year = {2015},
}

